% Encoding: UTF-8

@Article{selosse2020model,
  author    = {Selosse, Margot and Jacques, Julien and Biernacki, Christophe},
  journal   = {Computational Statistics \& Data Analysis},
  title     = {Model-based co-clustering for mixed type data},
  year      = {2020},
  pages     = {106866},
  volume    = {144},
  publisher = {Elsevier},
}

@Article{marbac2017model,
  author    = {Marbac, Matthieu and Biernacki, Christophe and Vandewalle, Vincent},
  journal   = {Communications in Statistics-Theory and Methods},
  title     = {Model-based clustering of Gaussian copulas for mixed data},
  year      = {2017},
  number    = {23},
  pages     = {11635--11656},
  volume    = {46},
  publisher = {Taylor \& Francis},
}

@Article{bouveyron2015kernel,
  author    = {Bouveyron, Charles and Fauvel, Mathieu and Girard, Stephane},
  journal   = {Statistics and Computing},
  title     = {Kernel discriminant analysis and clustering with parsimonious Gaussian process models},
  year      = {2015},
  number    = {6},
  pages     = {1143--1162},
  volume    = {25},
  publisher = {Springer},
}

@Article{corneli2019fast,
  author = {Corneli, Marco and Erosheva, Elena},
  title  = {Fast Bayesian clustering and model selection for longitudinal data mixtures},
  year   = {2019},
}

@Article{chen2019latent,
  author    = {Chen, Yunxiao and Zhang, Siliang},
  journal   = {British Journal of Mathematical and Statistical Psychology},
  title     = {A Latent Gaussian process model for analysing intensive longitudinal data},
  year      = {2019},
  publisher = {Wiley Online Library},
}

@Article{de2008model,
  author    = {De la Cruz-Mesia, Rolando and Quintana, Fernando A and Marshall, Guillermo},
  journal   = {Computational Statistics \& Data Analysis},
  title     = {Model-based clustering for longitudinal data},
  year      = {2008},
  number    = {3},
  pages     = {1441--1457},
  volume    = {52},
  publisher = {Elsevier},
}

@InProceedings{schiratti2015learning,
  author    = {Schiratti, Jean-Baptiste and Allassonniere, St{\'e}phanie and Colliot, Olivier and Durrleman, Stanley},
  booktitle = {Advances in Neural Information Processing Systems},
  title     = {Learning spatiotemporal trajectories from manifold-valued longitudinal data},
  year      = {2015},
  pages     = {2404--2412},
}

@Article{carmichael2010longitudinal,
  author    = {Carmichael, Owen and Schwarz, Christopher and Drucker, David and Fletcher, Evan and Harvey, Danielle and Beckett, Laurel and Jack, Clifford R and Weiner, Michael and DeCarli, Charles},
  journal   = {Archives of neurology},
  title     = {Longitudinal changes in white matter disease and cognition in the first year of the Alzheimer disease neuroimaging initiative},
  year      = {2010},
  number    = {11},
  pages     = {1370--1378},
  volume    = {67},
  publisher = {American Medical Association},
}

@Article{zahodne2013apathy,
  author    = {Zahodne, Laura B and Gongvatana, Assawin and Cohen, Ronald A and Ott, Brian R and Tremont, Geoffrey and Alzheimer's Disease Neuroimaging Initiative and others},
  journal   = {The American Journal of Geriatric Psychiatry},
  title     = {Are apathy and depression independently associated with longitudinal trajectories of cortical atrophy in mild cognitive impairment?},
  year      = {2013},
  number    = {11},
  pages     = {1098--1106},
  volume    = {21},
  publisher = {Elsevier},
}

@Article{Bouveyron,
  author  = {Bouveyron, C., and Bozzi, L., and Jacques, J., and Jollois, F-X.},
  journal = {Journal of the Royal Statistical Society, Series C Applied Statistics},
  title   = {The Functional Latent Block Model for theCo-Clustering of Electricity Consumption Curves},
  year    = {2018},
  number  = {67},
  pages   = {897-915},
}

@Book{Govaert,
  author    = {Govaert, G., and Nadif, M.},
  publisher = {Wiley},
  title     = {Co-Clustering: Models, Algorithms and Applications},
  year      = {2013},
}

@Article{Jacques,
  author  = {Jacques, J., and Preda, C.},
  journal = {Computational Statistics and Data Analysis},
  title   = {Model-based clustering for multivariate functional data},
  year    = {2014},
}

@Book{Ramsay,
  author    = {Ramsay, James, and Silverman, Bernard W.},
  publisher = {Springer},
  title     = {Functional data analysis},
  year      = {2005},
}

@Article{JacquesPreda,
  author  = {Jacques, J., and Preda, C.},
  journal = {Advances in Data Analysis and Classification},
  title   = { Functional data clustering: a survey},
  year    = {2014},
 number = {8},
 volume = {3},
 pages = {231-255}
}

@Article{Singhal,
  author  = {Singhal, A., and Seborg, D.},
  journal = {Journal of Chemometrics},
  title   = { Clustering multivariate time-series data},
  year    = {2005},
 number = {19},
 pages = {427-438}
}

@Article{Ieva,
  author  = {Ieva, F., and Paganoni, Q., and Pigoli, D., and  Vitelli, V.},
  journal = {Journal of the Royal Statistical Society, Series C (Applied Statistics)},
  title   = {  Multivariate Functional Clustering for the Morphological Analysis of ECG Curves},
  year    = {2013},
 number = {62},
 volume = {3},
 pages = {401-418}
}


@misc{ramsay2002functional,
  title={Functional Data Analysis-Methods and Case Studies},
  author={Ramsay, JO and Silverman, BW},
  year={2002},
  publisher={Springer New York:}
}

@article{schmutz2020clustering,
  title={Clustering multivariate functional data in group-specific functional subspaces},
  author={Schmutz, Amandine and Jacques, Julien and Bouveyron, Charles and Cheze, Laurence and Martin, Pauline},
  journal={Computational Statistics},
  pages={1--31},
  year={2020},
  publisher={Springer}
}

@article{panaretos2013fourier,
  title={Fourier analysis of stationary time series in function space},
  author={Panaretos, Victor M and Tavakoli, Shahin and others},
  journal={The Annals of Statistics},
  volume={41},
  number={2},
  pages={568--603},
  year={2013},
  publisher={Institute of Mathematical Statistics}
}

@techreport{grenander1981abstract,
  title={Abstract inference},
  author={Grenander, Ulf},
  year={1981}
}

@Comment{jabref-meta: databaseType:bibtex;}
